<record xmlns="http://www.loc.gov/MARC21/slim" xmlns:xsi="http://www.w3.org/2001/XMLSchema-instance" xsi:schemaLocation="http://www.loc.gov/MARC21/slim http://www.loc.gov/standards/marcxml/schema/MARC21slim.xsd"><leader>01380cz   2200241n  4500</leader><controlfield tag="001">oca00643395 </controlfield><controlfield tag="005">19970305173247.6</controlfield><controlfield tag="008">811021n| acannaab|          |a aaa      </controlfield><datafield ind1=" " ind2=" " tag="010"><subfield code="a">n  81098243 </subfield></datafield><datafield ind1=" " ind2=" " tag="040"><subfield code="a">DLC</subfield><subfield code="c">DLC</subfield><subfield code="d">NIC</subfield><subfield code="d">OCoLC</subfield><subfield code="d">DLC</subfield></datafield><datafield ind1="1" ind2=" " tag="100"><subfield code="a">Gracchus, Gaius Sempronius,</subfield><subfield code="d">154-121 B.C.</subfield></datafield><datafield ind1="1" ind2=" " tag="400"><subfield code="a">Grakkh, Gaĭ,</subfield><subfield code="d">154-121 B.C.</subfield></datafield><datafield ind1="1" ind2=" " tag="400"><subfield code="a">Graco, Cayo,</subfield><subfield code="d">154-121 B.C.</subfield></datafield><datafield ind1="1" ind2=" " tag="400"><subfield code="a">Gracchus, C. Sempronius</subfield><subfield code="q">(Caius Sempronius),</subfield><subfield code="d">154-121 B.C.</subfield></datafield><datafield ind1="1" ind2=" " tag="400"><subfield code="a">Gracchus, Gaius,</subfield><subfield code="d">154-121 B.C.</subfield></datafield><datafield ind1="1" ind2=" " tag="400"><subfield code="a">Gracchus, Caius,</subfield><subfield code="d">154-121 B.C.</subfield></datafield><datafield ind1="1" ind2=" " tag="400"><subfield code="a">Grakchos, Gaïos,</subfield><subfield code="d">154-121 B.C.</subfield></datafield><datafield ind1="1" ind2=" " tag="400"><subfield code="a">Grakchos, Gaios Semprōnios,</subfield><subfield code="d">154-121 B.C.</subfield></datafield><datafield ind1=" " ind2=" " tag="667"><subfield code="a">Old catalog heading: Gracchus, C. Sempronius</subfield></datafield><datafield ind1=" " ind2=" " tag="670"><subfield code="a">Romero, J.L. Estado y sociedad en el mundo antiguo, c1980:</subfield><subfield code="b">p. 11 (Cayo Graco)</subfield></datafield><datafield ind1=" " ind2=" " tag="670"><subfield code="a">OCLC, 10/24/96</subfield><subfield code="b">(hdgs.: Gracchus, Gaius Sempronious, 154-121 B.C.; Gracchus, Caius Sempronious, 153-121 B.C.; usage: Caius Gracchus; C. Sempronius Gracchus)</subfield></datafield><datafield ind1=" " ind2=" " tag="670"><subfield code="a">Gaïos Grakchos, 1993:</subfield><subfield code="b">p. 9 (Gaïos Grakchos, 154-121 B.C.)</subfield></datafield><datafield ind1=" " ind2=" " tag="670"><subfield code="a">Enkykl. Papyros Larous Britannika, c1984</subfield><subfield code="b">(Gaios Semprōnios Grakchos; Caius Sempronius Gracchus, 160/153?-121 B.C.; Roman mayor (123-122, B.C.) who restored to power the agrarian reformers of this brother Tiberius Sempronius Gracchus (162-133 B.C.) and proposed new standards in order to reduce the power of the Roman Senate)</subfield></datafield></record>